@INPROCEEDINGS{LogTypes,
  author={Sharma, Pratibha and Yadav, Surendra and Bohra, Brahmdutt},
  booktitle={2015 International Conference on Green Computing and Internet of Things (ICGCIoT)}, 
  title={A review study of server log formats for efficient web mining}, 
  year={2015},
  volume={},
  number={},
  pages={1373-1377},
  keywords={Videos;Insects;Algorithm design and analysis;Web mining;Information retrieval;web data;web mining;log files;server log formats},
  doi={10.1109/ICGCIoT.2015.7380681}
}
